1173 1535
244 221 264 240 64
570 226 584 237 ι’,
596 223 669 237 ετᾸεκω.

243 283 312 301 nempe
325 280 365 295 tum
378 277 445 295 saltem
459 283 470 295 a
482 277 581 301 posteriori
595 277 689 295 constabit
703 283 715 295 u
729 283 739 295 a
752 281 810 300 recto,
820 284 856 302 pro
869 279 926 296 tantis
934 277 989 297 lineis

244 316 289 335 quas
302 310 357 329 nobis
368 313 441 328 tentare
455 310 505 333 licet,
514 310 564 328 haud
578 310 658 328 multum
671 310 752 329 differre.
766 310 805 329 Sed
819 310 864 335 quid
873 311 888 330 si
897 310 921 330 ab
930 318 990 336 usque

244 343 267 362 ad
287 343 356 362 Sirium
376 343 526 368 protenderetur,
545 347 577 362 aut
594 343 684 362 ulterius?
701 344 805 368 Utcunque
823 345 852 366 sit,
872 347 947 369 tempus
967 345 990 363 ab

244 379 316 395 aeterno
329 380 410 395 connata
423 377 477 401 spatii
490 383 548 399 soror,
563 377 579 395 ei
594 377 662 395 auxilio
675 377 732 400 venit,
742 381 762 396 et
775 384 832 402 quum
846 381 908 396 motus
922 384 991 403 corpo-

243 416 284 428 rum
298 410 404 428 coelestium
418 409 495 428 calculis
508 410 576 428 u=R
589 410 651 435 posito
668 411 735 429 innixis
753 411 871 433 conveniant,
886 417 920 436 pro
938 412 991 430 omni

244 443 404 462 mensurationum
422 447 528 462 nostrarum
545 443 624 468 sphaera‚
638 444 657 462 in
670 444 722 468 praxi
736 444 797 462 eidem
811 444 935 469 suppositioni
948 448 990 463 tuto

245 477 379 501 conquiescere
393 480 474 495 monet.-

280 509 303 528 In
316 516 379 534 opere.
393 510 445 534 quod
457 510 566 529 inscribitur
578 510 691 529 Scientia
708 511 783 535 spatii
801 511 915 529 absolute
933 517 992 529 vera

244 542 309 567 (1832),
327 543 416 562 Iontmes
437 543 637 568 BowA1‚Wolfgangi
656 543 710 565 filius,
728 544 751 562 ad
769 544 822 562 cuius
840 544 890 562 diem
909 544 991 562 natalem

244 576 373 595 centenarium
387 577 521 595 celebrandum
535 576 565 595 hic
578 577 652 595 libellus
666 577 746 601 scriptus
762 580 795 599 est,
810 583 852 596 eam
866 578 990 602 quaestionem

243 609 332 634 neglexit.
346 609 400 628 Idem
413 610 432 628 in
446 610 605 628 commentatione
615 609 728 628 Germanice
742 610 816 634 scripta,
831 616 886 634 quam
902 611 947 634 1835
961 617 991 629 or-

244 646 282 661 tam
296 649 337 662 esse
349 647 438 668 putamus
451 649 532 667 quaeque
549 643 622 661 recenti
639 647 725 667 ternpore
738 643 788 661 inter
803 644 878 668 scripta,
893 650 935 669 quae
948 644 991 663 reli-

244 676 289 701 quit,
302 676 379 695 inventa
394 680 428 699 est,
442 676 546 701 geometria
563 676 649 695 absoluta
666 676 749 695 adhibita
767 677 896 696 mechanicam
914 684 990 702 quoque

244 710 333 729 constitui
345 716 401 735 posse
415 709 485 728 docuit.
500 709 562 733 Quam
579 715 619 728 rem
637 709 716 734 amplius
734 710 826 732 tractavit,
841 710 873 728 ubi
892 711 915 729 de
933 717 991 735 opere

244 743 433 762 Geometrisehe
443 742 669 767 Untersuchungen
683 749 723 761 zur
734 743 841 761 Theorie
856 744 898 762 der
911 743 991 762 Paral-

244 777 365 799 lellinien,
379 777 431 801 quod
443 777 617 795 Loumscnzi-sxu
633 777 678 800 1840
692 777 755 798 edidit,
765 777 856 795 iudicium
868 777 910 800 sert,
920 778 943 796 de
953 783 991 802 quo

244 811 314 829 iudicio
327 810 384 835 paulo
397 814 441 829 ante
455 810 575 832 KORSCHAK,
586 810 615 828 vir
627 811 745 831 clarissimus,
756 813 775 829 et
788 811 827 835 ipse
841 817 916 835 quoque
930 814 989 829 rettu-

244 844 305 862 limus.
318 844 367 862 Cum
381 844 473 862 mensuris
486 843 611 865 terrestribus,
626 847 646 862 ut
659 844 685 862 ait
698 844 775 865 ΒοιγΑι,
789 843 831 862 fieri
844 850 883 862 non
896 845 960 868 possit,
970 849 991 863 ut

244 877 293 896 inter
310 877 433 902 geometriam
452 877 572 895 Eucunssam
591 881 609 896 et
628 877 732 895 absolutam
753 877 871 899 diiudicetury
886 877 991 896 differentia

244 911 337 930 utendum
354 916 400 932 esse,
415 916 457 935 quae
470 911 489 928 in
503 910 579 929 calculis
593 911 669 933 oriatur,
683 911 698 928 si
714 910 831 935 planetarum
845 910 882 929 loci
895 911 956 935 primo
970 917 992 929 ea

245 944 354 963 conditione
368 944 392 962 ad
405 944 488 962 calculos
501 947 599 966 vocentur,
611 947 632 962 ut
645 943 732 968 trianguli
741 944 852 968 angulorum
862 950 935 962 summa
944 944 991 963 duos

244 975 307 997 rectos
320 977 389 996 efficiat
402 981 422 996 et
435 977 515 996 duorum
534 983 634 1002 corporum
648 977 675 995 vis
688 977 787 995 attractiva
800 977 899 1001 reciproca
912 984 991 1002 propor-

243 1011 295 1030 tione
309 1017 350 1030 esse
362 1014 444 1035 ponatur
458 1010 564 1035 superficiei
577 1010 681 1035 sphaericae,
691 1011 743 1029 cuius
752 1011 815 1028 radius
829 1010 909 1029 duorum
923 1016 991 1035 corpo-

244 1051 285 1063 rum
299 1044 406 1063 coelestium
415 1044 509 1062 distantiae
523 1043 600 1068 aequalis
614 1044 643 1066 sit,
653 1050 710 1068 porro
724 1044 739 1062 si
752 1044 821 1062 deinde
835 1043 902 1062 calculi
915 1044 991 1068 angulo-

244 1084 287 1097 rum
300 1084 373 1096 summa
386 1078 446 1102 magis
458 1077 554 1101 magisque
568 1083 578 1095 a
592 1077 666 1096 duobus
680 1077 736 1095 rectis
750 1077 860 1095 discedente
876 1081 990 1102 repetantur.

244 1111 318 1135 Quodsi
330 1111 350 1130 in
363 1110 469 1129 differentia
483 1110 563 1135 quadam
576 1110 695 1135 planetarum
709 1113 772 1128 mutus
785 1116 827 1128 cum
844 1113 897 1128 motu
915 1110 991 1129 calculis

244 1145 313 1164 effecto
326 1144 428 1163 convenire
441 1143 520 1165 desinat,
534 1146 632 1162 crescente
646 1147 709 1162 autem
719 1143 824 1161 differentia
837 1143 939 1162 abhorrere
953 1150 990 1162 non

245 1177 324 1200 desinat,
337 1178 377 1197 iure
393 1183 415 1196 ac
432 1177 500 1195 merito
514 1177 625 1201 angulorum
638 1183 730 1195 summam
744 1176 805 1195 minus
819 1183 875 1201 quam
888 1181 991 1201 poneretur

246 1217 256 1230 n
270 1211 344 1230 duobus
357 1210 413 1230 rectis
426 1210 501 1229 differre
516 1210 603 1228 concludi
616 1216 677 1234 posse.

1068 79 1106 99 *w
