1173 1535
225 480 335 499 Acutissimi
344 480 371 498 illi
381 480 515 502 mathematici,
524 480 597 499 Boumx
606 484 660 505 pater
669 484 689 499 et
698 480 746 499 filius
755 484 774 499 et
784 480 934 499 Loxa-tecanta-

188 519 224 536 κη,
238 520 249 532 a
262 513 330 538 quibus
338 514 442 538 geometria
451 513 474 532 ab
483 514 585 532 undecimo
595 514 687 532 axiomate
697 514 800 533 Eucmnzo
812 520 851 533 non
864 514 935 539 depen-

189 547 236 566 dens
249 547 330 565 stabilita
343 550 376 569 est,
391 553 504 571 quamquam
521 553 550 565 eae
567 547 655 570 rationes,
669 553 679 565 a
697 547 765 571 quibus
778 548 839 566 exorsi
852 551 901 570 sunt,
915 551 935 566 et

188 580 278 603 methodi,
293 581 360 605 quibus
374 580 480 603 utebantur,
494 581 616 605 geometricae
634 584 693 603 erant,
709 581 819 605 geometriae
833 584 935 606 systemate

189 617 261 632 mutato
274 614 403 632 mechanicam
416 613 529 638 analyticam
542 620 624 638 quoque,
638 614 682 638 quin
696 614 752 633 etiam
765 617 824 633 totam
837 614 935 639 physicam

189 647 340 666 mathematicam
358 647 411 666 novis
429 647 533 666 rationibus
550 647 721 666 accommodandas
740 653 781 666 esse
802 647 839 666 iam
858 654 935 672 perspe-

188 684 261 699 xerunt.

226 714 400 733 Lonarscuzrsxu
410 714 428 735 in
435 720 499 739 opere,
507 714 559 739 quod
568 714 686 733 inscribiturx
698 714 847 733 Geometriae
860 715 936 739 prima

189 748 312 766 elementa
325 748 390 772 (1829),
409 754 452 766 curn
471 748 537 772 paucis
554 747 650 770 iudicavit,
668 751 758 772 quantum
774 748 878 773 geometria
890 747 936 766 ima-

189 782 260 806 ginaria
277 782 301 800 ad
319 781 446 800 mechanicam
463 781 575 806 analyticam
593 781 661 804 valeat,
674 784 715 800 tum
729 781 853 806 quaestionem
870 782 935 804 movit,

190 818 252 833 utrum
273 821 295 834 ex
314 815 439 840 parallaxibus
461 815 557 833 stellarum
577 814 655 833 fixarum
676 815 749 834 axioma
768 815 890 834 Etiamnum
912 815 936 834 de

190 848 243 867 lineis
260 848 353 873 parallelis
370 854 437 867 verum
455 854 495 867 esse
513 854 573 867 necue
592 848 690 867 diiudicari
705 849 769 873 possit,
786 852 805 867 et
819 852 935 868 astronomo-

189 888 230 900 rum
248 888 350 904 mensuras,
368 885 461 906 quatenus
478 887 543 900 eorum
561 882 704 900 observationes
722 885 816 901 accuratae
834 888 875 900 esse
892 888 935 906 pos-

189 919 236 937 sent,
250 921 260 933 a
277 915 381 940 geomem'a
399 915 501 933 Eum-miza
517 915 564 933 nihil
582 915 683 934 abhorrere
701 915 778 934 invenit.
795 915 862 940 Nuper
875 915 935 939 (1900)

190 948 361 970 Scnwmzscx-um,
379 949 407 967 vir
425 948 543 970 clarissimus,
558 948 606 967 hanc
619 955 659 967 rem
673 948 825 967 distributionem
839 948 935 967 stellarum

189 982 267 1001 fixarum
280 982 381 1006 respiciens
395 982 465 1006 megin
479 982 529 1000 idem
547 985 665 1000 astronomos
683 988 721 1000 non
738 981 813 1004 habere,
827 982 878 1007 quod
891 988 936 1007 geo-

190 1016 262 1034 metriae
272 1015 385 1037 Eucumzae,
395 1019 415 1034 ut
425 1021 467 1034 eum
475 1015 626 1034 Scawfflmro
634 1014 694 1039 (1818)
701 1015 768 1038 dicam,
775 1016 935 1040 geometriam

191 1055 201 1067 a
205 1055 213 1067 s
219 1053 226 1067 t
231 1055 240 1067 r
245 1049 266 1067 al
272 1055 282 1067 e
287 1056 306 1067 m
320 1052 463 1074 anteponerent,
477 1049 620 1067 demonstravit.

226 1082 275 1101 Item
284 1082 430 1101 Woxsotmous
441 1082 513 1101 Bono-1
527 1082 610 1101 rationes
619 1082 754 1101 astronomicas
764 1082 854 1104 adhibuit,
864 1088 907 1101 eum
916 1082 936 1101 in

190 1122 248 1141 opere
262 1116 394 1135 Generalis
408 1119 558 1141 conspectus
572 1116 722 1141 geometriae,
731 1122 769 1140 quo
782 1115 936 1134 Tentaminis

190 1150 260 1174 primus
274 1153 336 1168 tomus
350 1149 410 1173 (1832)
423 1149 492 1172 finitur,
502 1149 552 1168 hunc
565 1150 584 1168 in
598 1150 676 1168 modum
685 1149 741 1168 dicit:
757 1149 827 1168 ·Aliud
841 1153 870 1168 est
882 1149 897 1168 si
906 1155 936 1168 res

190 1189 227 1202 non
241 1190 252 1201 a
264 1183 323 1208 priori
336 1183 369 1201 sed
382 1183 445 1207 quoad
458 1183 529 1208 praxim
548 1183 678 1202 consideretur
692 1186 716 1205 et,
730 1189 764 1207 pro
778 1183 822 1202 data
835 1181 864 1205 ab,
878 1186 936 1201 ηοω

190 1221 217 1238 uc.
232 1217 293 1235 donec
307 1216 368 1235 adhuc
382 1219 433 1235 secet
446 1220 517 1235 rectam
533 1215 561 1238 bo.
580 1216 659 1241 angulus
672 1222 683 1234 a
695 1216 794 1241 posteriori
808 1220 936 1235 mensuretur:
