4192 5490
352 542 389 617 ⁸4
1008 558 1036 602 a.
1060 558 1187 603 nouom

353 764 523 849 lllC-Mll,
540 769 625 865 quin
643 767 768 866 operis
787 764 1001 870 nJahrbuch
1015 766 1111 840 liber
1124 767 1185 838 die
1201 765 1232 838 F
1235 766 1452 840 ortschritte
1471 767 1539 839 der
1558 765 1841 853 Mammam»,

353 924 429 999 quo
448 926 492 974 err
511 924 626 998 opere
646 900 824 999 pleraque
844 899 931 973 data
949 897 1065 987 hausi,
1085 899 1240 973 ultimus
1259 915 1384 973 tomus
1403 925 1446 973 ea
1465 901 1613 998 scripta,
1633 924 1718 998 quae
1746 924 1843 973 anno

355 1032 472 1109 MCM
500 1050 585 1109 sunt
613 1034 724 1113 edita.
753 1033 879 1108 refert.

428 1189 460 1242 a.
488 1166 532 1241 ln
559 1167 661 1242 libris
680 1167 937 1241 describendis
956 1191 1001 1240 ea
1018 1169 1163 1242 ratione
1181 1192 1269 1242 usus
1287 1194 1379 1254 sum,
1400 1183 1441 1242 ut
1459 1191 1584 1266 opera,
1604 1191 1688 1265 quae
1708 1168 1842 1240 eodem

353 1324 451 1377 nuno
478 1301 708 1401 prodierunt.
737 1302 773 1374 in
801 1300 932 1373 ordine
961 1298 1182 1385 litterarum,
1210 1300 1345 1398 quibus
1372 1301 1524 1373 nomina
1554 1316 1727 1374 autorum
1753 1301 1843 1373 inci·

353 1436 469 1536 plnnt.
498 1457 567 1534 pro
593 1433 747 1529 singulis
773 1436 878 1507 annis
904 1437 1103 1532 separatim
1133 1458 1403 1508 enumerarem.
1432 1433 1624 1508 Praeterea
1642 1437 1755 1532 signis
1781 1458 1843 1531 ap·

353 1569 482 1667 positis
508 1566 668 1640 indicari
695 1566 845 1647 classes.
864 1567 1000 1664 quibus
1027 1566 1110 1640 libri
1137 1567 1281 1665 singuli,
1302 1569 1508 1641 secundum
1537 1569 1738 1642 methodos
1756 1592 1844 1642 con·

352 1702 507 1800 siliaque
534 1701 800 1800 componendi.
829 1701 1004 1798 assignari
1031 1716 1200 1799 possunt.

427 1832 548 1909 Porro
566 1858 682 1933 opera
700 1834 930 1932 argumentis
949 1832 1224 1908 mathematicis
1251 1834 1299 1907 ab
1324 1835 1502 1933 operibus
1520 1837 1751 1933 argumentis
1771 1835 1845 1908 his·

354 1972 492 2057 loricis,
511 1970 660 2047 criticis.
680 1967 949 2067 philosophicis
966 1968 1196 2066 segreganda
1214 1991 1296 2041 esse
1323 1968 1412 2040 mihi
1439 1967 1558 2040 risum
1585 1984 1654 2041 est
1682 1966 1727 2040 In
1752 1969 1845 2040 duas

353 2121 479 2179 autent
507 2122 643 2204 partes.
662 2105 877 2177 discernere
904 2118 945 2176 ut
971 2101 1080 2176 facile
1107 2100 1337 2198 intelligitur.
1358 2126 1435 2176 non
1461 2119 1518 2175 est
1535 2116 1845 2175 consentaneum.

427 2234 603 2336 Denique
630 2260 715 2311 curu
745 2261 882 2335 pruriens
908 2238 985 2310 sire
1012 2236 1090 2311 lere
1117 2234 1238 2309 nullas
1266 2236 1515 2333 quorumdam
1544 2235 1725 2308 librorum
1751 2235 1846 2306 iudi·

352 2373 533 2447 cationes„
559 2395 645 2468 qum
673 2370 720 2443 ad
747 2394 814 2443 eos
840 2372 1013 2447 attinent.
1032 2367 1211 2467 colligere
1238 2372 1437 2468 potuerim,
1464 2369 1619 2442 dubium
1647 2392 1729 2441 esse
1755 2368 1846 2463 quin

353 2508 391 2579 in
417 2503 520 2579 libris
546 2502 805 2579 describendis
822 2502 1068 2598 indiligentiae
1086 2503 1223 2577 luturae
1242 2502 1326 2589 sint,
1353 2527 1445 2600 quas
1462 2519 1588 2576 autem
1607 2503 1712 2576 nullo
1730 2500 1847 2574 modo

352 2638 519 2737 elingere
546 2638 664 2736 pastui„
691 2636 850 2733 negabo.

425 2791 461 2866 3.
489 2766 558 2843 13ae
587 2769 737 2845 classes
764 2771 811 2843 ad
838 2793 930 2866 quas
955 2792 1072 2867 opera
1098 2770 1374 2843 mathematicis
1404 2771 1634 2867 argumentis
1659 2782 1845 2866 spectant,

349 2926 507 3002 quarunt
534 2929 646 3003 supra
672 2907 903 2978 mentionem
929 2902 1014 2979 ieci.
1041 2920 1129 2976 sunt
1154 2926 1231 2985 set.
1258 2925 1414 2999 quarum
1441 2904 1689 2999 investigandi
1715 2904 1776 2975 via
1799 2923 1846 2974 ac

351 3040 448 3110 ratio
474 3059 636 3134 quantu·
670 3037 895 3112 describitur
922 3055 1035 3134 atque
1062 3034 1251 3111 delinitur.
1278 3035 1353 3110 Sex
1379 3035 1628 3132 investigandi
1657 3036 1845 3108 rationum

350 3172 430 3245 site
464 3174 626 3269 partium
653 3174 806 3246 ιιοωίω
831 3188 918 3245 sunt
946 3170 1040 3245 haec.
1067 3194 1228 3266 quorum
1255 3169 1434 3266 quodque
1461 3171 1685 3242 instructum
1711 3184 1770 3241 est
1795 3192 1847 3241 eo

350 3310 469 3403 Quo·
495 3306 600 3401 unl
625 3304 802 3378 onmihus
828 3303 932 3377 libris
957 3304 1006 3376 de
1032 3327 1077 3376 ea
1102 3300 1287 3376 mulcetis
1311 3305 1488 3399 apposui:

574 3436 664 3511 Pars
689 3437 931 3510 elementaris
961 3433 1039 3527 1133.

573 3569 666 3645 Pars
692 3567 1129 3645 metrimdillerentialis
1158 3566 1243 3658 {DL

575 3704 667 3778 Pars
691 3710 731 3779 in
755 3729 829 3803 qua
854 3705 904 3778 de
928 3707 1194 3802 Opmtlouum

692 3838 1054 3912 ooniunctionibtas*
1079 3840 1203 3935 agitur
1228 3836 1309 3926 {GK

576 3968 667 4043 Pars
692 3974 903 4070 μηκέτι-[ἐτι
929 3969 1002 4066 ιΡζ.

575 4101 667 4178 Ριῑε
692 4101 977 4180 memoriam
1005 4102 1082 4193 jfss.

576 4236 668 4312 Pars
692 4238 908 4313 ‹et-tamus
935 4236 1012 4331 XI

426 4536 890 4599 nmmum
