4192 5490
808 547 964 590 EPISTOLA
982 549 1026 591 An
1049 548 1173 591 PATREM
1198 547 1285 591 DATA.
1744 549 1792 592 XV

300 751 423 825 adhuc
458 751 643 838 miseram,
681 777 804 825 casam
840 777 920 825 esse
956 776 1025 850 pro
1061 753 1164 824 turri.
1201 752 1425 826 Persuasum
1454 753 1543 825 mihi
1571 753 1692 827 habeo
1720 753 1791 828 hoc

302 909 375 957 non
412 886 547 957 minori
581 884 682 957 laudi
717 884 807 958 mihi
841 884 933 974 fore,
971 910 1082 982 quam
1117 888 1147 958 si
1181 887 1254 960 iam
1288 886 1523 984 perfecerim.
1552 886 1791 984 Responsum

310 1030 414 1092 tuum
443 1033 586 1092 aeterna
612 1043 700 1116 erga
726 1032 764 1092 te
790 1018 938 1117 pietatis
965 1018 1079 1117 pleno
1107 1020 1230 1094 animo
1258 1020 1489 1119 exspectabit
1514 1018 1610 1093 filius
1636 1033 1722 1093 tuus

1510 1152 1654 1228 BOLYA1
1681 1179 1728 1226 m.
1757 1179 1791 1252 p.

375 1557 416 1629 P.
445 1557 482 1630 S.
511 1557 748 1630 Ponderosas
782 1555 927 1629 litteras
961 1554 1185 1641 scribebam,
1214 1556 1280 1627 sed
1307 1554 1405 1629 haud
1441 1556 1572 1654 procul
1604 1555 1790 1642 absumus,

301 1695 352 1766 ita
377 1704 461 1764 taxa
488 1693 596 1764 nimis
623 1715 860 1788 magnanon
887 1704 954 1763 est.
983 1688 1059 1762 Fac
1086 1702 1129 1762 ut
1155 1687 1375 1762 solvendum
1413 1687 1503 1762 mihi
1528 1691 1576 1763 sit
1601 1713 1793 1787 semper

301 1850 387 1924 pro
414 1824 856 1923 ponderosissimis
882 1825 955 1896 tuis
982 1823 1125 1912 litteris,
1154 1848 1238 1920 quae
1266 1824 1339 1895 sint
1365 1822 1425 1895 vel
1452 1822 1790 1920 ponderosissimae,

301 1961 462 2032 maximo
488 1959 625 2056 gaudio
653 1958 794 2031 solvam
822 1983 894 2030 eas.

376 2092 417 2165 P.
446 2092 484 2165 S.
513 2090 658 2187 Ingenii
685 2091 759 2164 mei
784 2105 883 2180 nata,
916 2089 1116 2163 Carissime
1148 2089 1271 2177 Pater,
1301 2114 1428 2162 coram
1448 2104 1485 2162 te
1504 2091 1555 2162 ita
1573 2113 1655 2162 sum
1681 2113 1791 2162 ausus

301 2227 516 2313 diiudicare,
553 2225 607 2296 uti
642 2224 732 2297 mihi
767 2227 813 2298 de
841 2225 884 2298 iis
910 2247 1130 2322 persuasum
1161 2222 1340 2313 habeam;
1375 2223 1514 2295 nullam
1551 2222 1650 2295 enim
1677 2225 1790 2295 inter·

300 2362 552 2457 pretationem
591 2382 789 2457 perperam
828 2358 965 2430 factam
1001 2359 1128 2446 time0,
1165 2358 1219 2430 uti
1254 2357 1499 2447 immeritam;
1536 2354 1673 2429 fiducia
1707 2356 1790 2430 haec

302 2494 393 2566 nihil
428 2495 526 2566 aliud
564 2505 630 2577 est,
662 2492 732 2563 nisi
760 2505 801 2564 ut
829 2503 973 2588 patrem
1010 2516 1135 2564 meum
1168 2490 1280 2564 certis
1306 2492 1344 2563 in
1372 2489 1483 2563 rebus
1509 2502 1700 2586 tamquam
1728 2489 1789 2563 ali-

303 2629 405 2723 quod
432 2625 623 2725 exemplar
649 2625 723 2697 mei
748 2625 904 2698 intuear.
