4192 5490
701 1426 962 1512 LECTORI
992 1427 1288 1512 SALUTEM.

322 1802 677 1877 Mathematicorurn
705 1816 742 1876 et
768 1816 911 1876 naturae
944 1816 1193 1876 scrutatorum
1230 1804 1338 1877 huius
1364 1805 1614 1878 universitatis
1641 1809 1736 1879 ordo

247 1956 284 2027 in
312 1958 477 2029 sessione
509 1979 606 2028 anno
639 1953 878 2027 MDCCCIC
905 1980 935 2027 a.
964 1956 999 2026 d.
1026 1953 1132 2027 XIV.
1162 1955 1354 2030 Kalendas
1386 1955 1575 2029 lanuarias
1610 1957 1736 2030 habita

249 2108 294 2179 ad
322 2106 520 2179 sollemnia
547 2108 762 2179 centenaria
789 2108 862 2178 diei
889 2105 987 2178 illius
1015 2105 1251 2193 celebranda,
1280 2131 1356 2203 quo
1383 2107 1443 2181 die

824 2303 996 2377 lomnes
1025 2306 1166 2377 Bonum

248 2518 352 2578 natus
379 2522 446 2594 est,
474 2507 637 2580 natalem
665 2509 743 2580 eius
770 2509 925 2579 domurn
961 2506 1087 2578 tabula
1122 2508 1325 2579 ornandam
1354 2519 1391 2579 et
1419 2506 1587 2580 libellum
1620 2510 1731 2581 eden·

247 2660 336 2730 dum
370 2658 550 2748 decrevit,
579 2682 664 2754 qu0,
692 2672 872 2754 quantum
908 2657 1114 2755 geometria
1153 2657 1333 2746 absoluta,
1362 2684 1382 2731 a
1409 2657 1565 2731 Ioanne
1592 2659 1733 2731 Bonum

245 2807 406 2895 condita,
426 2810 473 2882 ad
492 2808 705 2906 disciplinas
734 2809 1013 2881 mathematicas
1040 2808 1181 2881 saeculo
1208 2809 1490 2882 undevicesimo
1508 2834 1732 2907 promoven·

244 2960 308 3032 das
335 2959 503 3046 valuerit,
532 2962 823 3032 demonstretur.

317 3110 441 3203 Quem
470 3111 606 3183 librum
633 3112 860 3208 sempiterna
887 3110 1011 3209 lingua
1038 3111 1169 3185 Latina
1201 3112 1455 3209 conscriptum
1483 3125 1520 3184 et
1547 3113 1731 3186 societati·

242 3262 312 3335 bus
340 3262 461 3336 doctis
487 3261 772 3357 litterarumque
799 3263 1100 3336 universitatibus
1120 3279 1157 3336 et
1176 3264 1262 3336 artis
1283 3262 1557 3334 mathematicae
1582 3263 1732 3335 cultori-

242 3413 312 3486 bus
338 3415 454 3487 totius
480 3414 581 3487 orbis
617 3413 828 3501 offerentes,
856 3414 980 3487 facere
1007 3438 1081 3486 non
1109 3438 1316 3512 possumus,
1344 3416 1433 3509 quin
1459 3414 1594 3510 gratias
1620 3440 1732 3510 quarn

242 3567 420 3639 maximas
455 3591 606 3663 agamus
633 3589 718 3636 cum
746 3565 904 3637 Summo
932 3565 1141 3638 Ministerio
1168 3590 1236 3662 per
1262 3564 1434 3660 Regnum
1473 3565 1730 3661 Hungaricum

241 3714 354 3787 rebus
377 3715 490 3789 sacris
509 3727 619 3812 atque
639 3714 933 3789 institutionibus
961 3717 1121 3814 publicis
1140 3716 1332 3814 praefecto
1352 3719 1454 3812 quod
1473 3716 1730 3790 liberalissime

243 3867 413 3962 pecuniae
448 3868 621 3964 praesidia
656 3869 703 3938 ad
738 3866 907 3940 libellum
944 3870 1132 3941 edendum
1169 3869 1377 3941 necessaria
1404 3866 1619 3964 praebuerit,
1651 3880 1730 3940 tum

244 4014 462 4089 Academiae
488 4017 696 4090 litterarum
725 4019 965 4116 Hungaricae‚
983 4022 1086 4093 cuius
1104 4022 1299 4094 voluntate
1319 4017 1478 4093 benifica
1496 4017 1577 4090 fieri
1596 4019 1729 4115 potuit,

244 4177 284 4235 ut
309 4164 548 4240 simulacrum
576 4169 745 4265 epistolae
773 4195 793 4241 a
822 4168 975 4242 Ionium
1002 4171 1142 4242 Bonum
1172 4173 1217 4243 ad
1245 4184 1389 4268 patrem
1419 4173 1526 4257 datae,
1547 4194 1631 4266 quae
1656 4194 1731 4241 ma·

239 4317 329 4389 ximi
356 4319 403 4390 ad
429 4322 648 4415 geometriae
685 4321 867 4393 absolutae
895 4321 1086 4393 historiam
1115 4324 1296 4393 momenti
1324 4335 1390 4408 est,
1418 4322 1455 4393 in
1482 4321 1587 4393 initio
1615 4320 1729 4392 libelli

240 4491 478 4564 poneremus,
506 4483 586 4542 tum
613 4496 704 4544 vero
729 4472 818 4544 viris
846 4471 1068 4559 clarissimis
1100 4471 1163 4567 qui
1190 4471 1276 4544 huic
1303 4470 1433 4544 libello
1456 4471 1730 4544 conscribendo

239 4645 395 4719 operam
421 4646 497 4694 non
525 4624 817 4720 denegaverunt.
