4192 5490
519 574 563 619 DE
584 574 779 621 MECHANICA
796 574 997 621 VARIETATUM
1018 574 1236 621 COMPLURIUM
1258 574 1501 621 DIMENSIONUM.
1722 574 1760 639 79

269 781 437 856 Primum
466 781 565 856 enim
592 783 658 855 has
685 782 963 879 disquisitiones
989 782 1101 854 bonae
1128 782 1244 879 frugis
1270 780 1472 879 plurimum
1500 785 1547 857 ad
1569 783 1663 858 fines
1682 809 1759 857 me-

269 915 437 990 chanicae
473 916 736 1014 propagandos
769 914 901 988 afferre
932 927 1047 1013 patet.
1083 914 1234 989 Deinde
1266 939 1352 989 cum
1380 917 1516 990 ceteris
1543 932 1581 990 et
1607 942 1759 1016 geome-

270 1051 352 1122 triae
380 1062 418 1122 et
445 1049 639 1148 analyseos
666 1049 834 1147 partibus
856 1050 970 1123 artius
994 1075 1105 1146 quam
1134 1050 1409 1147 exspectaveris
1428 1051 1641 1124 coniunctae
1661 1064 1758 1139 sunt,

267 1182 383 1255 veluti
411 1206 496 1256 curn
522 1207 765 1256 numerorum
793 1183 1078 1281 complexorum
1100 1183 1246 1257 theoria
1276 1183 1504 1271 sublimiore,
1525 1207 1610 1257 curn
1628 1183 1759 1256 formis

268 1316 494 1414 quadraticis
521 1316 840 1407 differentialibus,
861 1342 945 1391 curn
964 1316 1110 1390 theoria
1131 1341 1360 1414 grupparum
1388 1315 1756 1391 transformationurn

269 1449 543 1540 continuarum,
564 1475 650 1524 cum
669 1453 876 1550 geometria
893 1450 1111 1550 proiectiva,
1132 1474 1218 1524 cum
1242 1450 1412 1523 doctrina
1439 1448 1652 1547 figurarum,
1673 1475 1757 1547 quae

267 1583 376 1657 lineis
402 1585 514 1659 rectis
542 1583 774 1677 efficiuntur;
811 1610 902 1683 quas
928 1586 1091 1659 theorias
1118 1583 1187 1657 hac
1215 1584 1396 1656 societate
1422 1583 1514 1655 inita
1534 1582 1645 1657 valde
1671 1607 1757 1682 pro·

269 1733 388 1792 motas
424 1743 503 1792 esse
539 1742 652 1792 nemo
686 1744 762 1792 non
796 1719 910 1793 videt.
946 1718 1134 1814 Denique,
1171 1717 1273 1815 quod
1303 1717 1452 1789 maximi
1479 1718 1661 1790 momenti
1688 1729 1756 1804 est,

269 1877 369 1951 saepe
404 1852 648 1939 theoremata,
681 1878 766 1950 quae
801 1853 919 1927 solam
953 1852 1209 1926 mechanicam
1237 1849 1477 1924 Eucunnam
1505 1850 1757 1922 consideranti

268 2010 420 2085 prorsus
447 1987 659 2085 discrepare
686 1988 874 2074 videntur,
894 1986 1151 2059 mechanicam
1177 1983 1451 2083 generaliorem
1469 1983 1684 2080 respicienti
1709 1983 1757 2055 ab

268 2122 399 2193 eadem
440 2122 554 2219 stirpe
595 2121 681 2194 duci
720 2134 886 2218 apparet.
919 2119 1007 2213 Quo
1034 2117 1086 2207 fit,
1114 2131 1156 2192 ut
1182 2119 1245 2214 qui
1271 2116 1365 2191 hanc
1393 2116 1614 2215 ampliorem
1645 2129 1757 2212 atque

269 2254 528 2326 sublimiorem
556 2255 803 2351 investigandi
829 2256 1013 2327 rationem
1040 2266 1228 2348 sequatur,
1247 2250 1410 2349 logicum
1437 2274 1621 2324 conexum
1641 2249 1756 2337 illum,

268 2412 343 2483 quo
372 2387 603 2461 mechanicae
635 2388 737 2485 leges
762 2389 860 2461 inter
887 2413 926 2460 se
954 2386 1157 2475 cohaerent,
1184 2385 1334 2484 penitus
1360 2385 1572 2483 perspiciat.

341 2519 484 2620 Scripsi
512 2534 645 2594 aestate
672 2523 758 2594 anni
786 2520 1057 2595 MDCCCCII.
