4192 5490
409 551 454 594 XI]
1072 549 1091 591 1.
1114 551 1230 593 soum.

408 756 560 852 quidem
588 756 761 827 omnibus
788 756 1083 827 demonstratum
1113 780 1193 827 esse
1211 755 1405 828 theorema
1423 755 1636 841 binomiale,
1656 755 1723 827 sed
1742 756 1896 826 demon·

409 891 626 961 strationem
654 889 821 984 rigorose
849 900 992 960 tantum
1019 911 1090 985 pro
1118 891 1360 985 [exponente]
1397 888 1543 984 integro
1568 889 1732 985 positivo
1759 887 1895 974 valere,

408 1021 534 1119 itaque
562 1022 640 1119 ipse
667 1022 893 1119 generaliter
919 1046 1003 1093 cum
1031 1023 1154 1117 rigore
1181 1023 1436 1094 demonstrare
1464 1023 1590 1118 coepit,
1618 1022 1685 1094 sed
1712 1021 1777 1094 ubi
1803 1019 1899 1094 diffi-

410 1155 569 1229 cultates
595 1157 788 1251 incipiunt,
817 1156 928 1227 etiam
956 1157 1034 1227 eius
1061 1156 1331 1228 demonstratio
1357 1154 1542 1241 haerescit,
1569 1179 1794 1251 quamquam
1828 1178 1898 1250 pro

409 1293 555 1387 integro
582 1290 743 1386 positivo
770 1289 944 1359 nimirum
971 1287 1069 1361 valet
1096 1302 1133 1361 et
1159 1291 1229 1361 rite
1257 1302 1397 1360 mutata
1424 1291 1534 1361 etiam
1552 1288 1710 1385 pulchra
1728 1303 1795 1360 est.
1815 1286 1898 1385 Ego

409 1440 535 1497 autem
563 1422 678 1494 credo
695 1443 765 1517 pro
783 1422 931 1517 integro
948 1422 1109 1518 positivo
1128 1436 1272 1495 naturae
1292 1425 1449 1494 maxime
1469 1425 1708 1509 conveniens
1728 1423 1898 1517 quinimo

409 1557 697 1630 directissimum
725 1580 767 1627 ac
795 1578 912 1651 prope
939 1554 1198 1628 brevissimum
1226 1558 1297 1629 iter
1323 1581 1414 1643 esse,
1443 1557 1544 1653 quod
1564 1581 1608 1627 ex
1627 1555 1772 1628 theoria
1795 1578 1898 1627 com-

409 1691 641 1763 binationum
678 1688 855 1783 sequitur,
891 1689 976 1782 quia
1003 1689 1217 1761 immediate
1244 1689 1324 1762 fluit
1351 1715 1395 1762 ex
1421 1691 1548 1788 regula
1576 1687 1898 1786 multiplicationis

411 1840 512 1897 nota.
547 1819 747 1894 Theoriam
777 1821 1097 1893 combinationum
1135 1835 1172 1894 et
1205 1824 1534 1920 permutationum,
1567 1825 1626 1913 lde
1653 1848 1726 1918 qua
1752 1834 1895 1894 tantum

412 1957 524 2054 longe
552 1971 588 2028 et
615 1954 769 2028 confuse
798 1954 976 2050 scriptum
1005 1953 1073 2039 est)
1101 1957 1172 2027 iam
1199 1956 1339 2028 dudum
1376 1973 1450 2029 tam
1487 1957 1712 2042 evidentem,
1747 1955 1893 2028 facilem

410 2091 667 2186 directamque
702 2089 739 2158 in
774 2088 905 2183 viginti
940 2087 1096 2183 plagulis
1131 2105 1263 2161 octava
1301 2090 1420 2161 forma
1459 2092 1675 2186 conscripsi,
1712 2104 1752 2162 ut
1788 2087 1896 2162 facile

410 2224 588 2295 dixerim:
616 2244 691 2291 non
718 2219 802 2314 plus
829 2219 937 2291 ultra.
957 2219 1077 2291 VEGA
1105 2224 1215 2294 etiam
1236 2223 1392 2295 multum
1416 2247 1544 2319 operae
1563 2223 1667 2295 dedit
1685 2222 1771 2294 huic
1790 2221 1897 2295 theo

410 2359 488 2440 riae‚
517 2379 602 2451 quae
631 2352 731 2448 apud
759 2377 843 2423 eum
871 2353 984 2425 nimia
1003 2367 1082 2425 arte
1101 2378 1143 2426 ac
1163 2355 1287 2426 studio
1313 2353 1447 2440 efficta,
1476 2370 1601 2427 tamen
1628 2357 1789 2451 pessima
1808 2379 1900 2427 con·

411 2489 568 2585 fusaque
595 2500 671 2575 est,
700 2486 735 2556 in
755 2483 829 2556 fine
849 2486 963 2580 partis
980 2488 1111 2582 primae
1131 2512 1286 2584 parvum
1305 2490 1600 2561 additamentum
1621 2491 1732 2560 etiam
1751 2489 1900 2585 legitur.

487 2622 564 2694 lam
593 2635 743 2691 transeo
770 2620 816 2690 ad
846 2635 990 2715 partem
1018 2621 1170 2694 alteram
1199 2624 1537 2710 demonstrationis,
1575 2648 1659 2719 quae
1695 2646 1783 2694 vere
1818 2621 1901 2718 pul·

411 2757 608 2838 cherrima,
641 2750 919 2824 evidentissima
946 2767 984 2825 et
1010 2757 1134 2851 quoad
1162 2754 1214 2828 rei
1241 2769 1409 2828 naturam
1437 2756 1655 2828 breuissima
1691 2755 1803 2828 etiam
1831 2767 1900 2842 est,

410 2890 479 2962 sed
506 2904 546 2960 ut
574 2885 763 2981 scripsisti,
793 2883 991 2958 Carissime
1019 2886 1140 2975 Pater,
1161 2889 1266 2960 abest
1285 2890 1615 2987 complementum,
1636 2891 1737 2986 quod
1755 2891 1792 2960 in
1813 2912 1900 2960 casu

412 3024 520 3095 seriei
557 3021 810 3092 decrescentis
846 3021 1094 3093 essentialiter
1128 3021 1377 3094 necessarium
1406 3037 1472 3094 est.
1500 3022 1785 3095 Demonstratio
1816 3020 1901 3093 bre-

411 3156 508 3228 viter
543 3154 624 3226 haec
662 3166 736 3224 est:
770 3152 942 3241 Quodvis
968 3155 1014 3225 sit
1041 3180 1065 3250 q
1094 3168 1130 3226 et
1151 3165 1192 3252 p,
1220 3158 1485 3252 concipere
1520 3181 1672 3252 possum
1709 3154 1773 3227 has
1808 3155 1901 3226 duas

412 3313 526 3362 senes

739 3453 921 3530 1÷qx³r
943 3385 1110 3560 q-*lqzld
1134 3451 1286 3512 x²÷···
1334 3442 1369 3511 in
1397 3439 1580 3513 infinitum

738 3755 917 3835 r÷px÷
938 3687 1110 3865 βιζ-,Η
1133 3752 1288 3814 x²÷···
1332 3745 1366 3813 in
1395 3741 1597 3832 infinitum,

413 3974 450 4027 et
486 3958 513 4025 si
551 3955 614 4026 lias
655 3959 768 4026 series
804 3956 854 4026 ita
896 3952 1136 4048 concipio,
1178 3955 1224 4024 de
1264 3954 1546 4051 complemento
1586 3954 1759 4025 nimimm
1800 3952 1903 4026 nulla

414 4091 574 4185 quaestio
602 4087 680 4160 fieri
708 4105 842 4185 potest.
872 4102 1045 4181 utrasque
1073 4088 1170 4158 enim
1198 4087 1312 4158 series
1340 4087 1538 4184 concipere
1557 4112 1709 4184 possum
1731 4103 1903 4160 extensas

413 4225 448 4293 in
478 4221 672 4295 infinitum.
702 4238 741 4291 nt
770 4219 929 4316 exernpli
956 4222 1072 4314 gratia

945 4408 1070 4557 ‹ll-Z
1101 4454 1144 4508 '‘l·
1178 4407 1217 4558 ᾖ
1248 4453 1352 4508 ·l··'·
